@article{delmar2006tecnologias,
  title={Tecnologias digitais: novo espa{\c{c}}o interativo na produ{\c{c}}{\~a}o escrita dos surdos},
  author={DELMAR, ROSSANA and ARCOVERDE, LIMA},
  journal={Cad. Cedes},
  volume={26},
  number={69},
  pages={251--267},
  year={2006},
  publisher={SciELO Brasil}
}

@inbook{perlin2012olhar,
  title={Um olhar sobre n{\'o}s surdos: leituras contempor{\^a}neas},
  chapter={Evolução de tecnologias assistivas para surdos no Brasil e no mundo},
  author={PERLIN, Gl{\'a}dis and STUMPF, Marianne},
  journal={Curitiba-PR: CRV},
  year={2012}
}

@book{barbosa2004schiller,
  title={Schiller \& a cultura est{\'e}tica},
  author={Barbosa, Ricardo},
  year={2004},
  publisher={Zahar}
}

@article{de2003midia,
  title={M{\'\i}dia e educa{\c{c}}{\~a}o de surdos: transforma{\c{c}}{\~o}es reais ou uma nova utopia?},
  author={de Souza Basso, Idavania Maria},
  journal={Ponto de Vista: revista de educa{\c{c}}{\~a}o e processos inclusivos},
  number={5},
  pages={113--128},
  year={2003}
}

@book{belloni2006educaccao,
  title={Educa{\c{c}}{\~a}o a dist{\^a}ncia},
  author={Belloni, Maria Luiza},
  year={2006},
  publisher={Autores Associados}
}

@article{benarab2007historia,
  title={Hist{\'o}ria da l{\'\i}ngua brasileira dos sinais e da l{\'\i}ngua dos sinais francesa e da influ{\^e}ncia do segundo congresso internacional de mil{\~a}o na educa{\c{c}}{\~a}o dos surdos},
  author={Benarab, Liazid and Oliveira, Celso Socorro},
  year={2007}
}

@article{brasil2005ministerio,
  title={Ministério da Educação e do Desporto, Secretaria de Educação Fundamental},
  author={BRASIL},
  journal={Decreto Nº5.626. Brasília},
  month={12},
  year={2005}
}

@book{capovilla2001dicionario,
  title={Dicion{\'a}rio enciclop{\'e}dico ilustrado tril{\'\i}ng{\"u}e da l{\'\i}ngua de sinais brasileira: sinais de M a Z},
  author={Capovilla, Fernando C{\'e}sar and Raphael, Walkiria Duarte},
  volume={2},
  year={2001},
  publisher={EdUSP}
}

@article{cruz2009trajetoria,
  title={Trajet{\'o}ria escolar do surdo no ensino superior: condi{\c{c}}{\~o}es e possibilidades},
  author={Cruz, Jos{\'e} Ildon Gon{\c{c}}alves da and Dias, T{\'a}rcia Regina da Silveira and others},
  journal={Revista Brasileira de Educa{\c{c}}{\~a}o Especial},
  volume={15},
  number={1},
  pages={65--80},
  year={2009},
  publisher={Associa{\c{c}}{\~a}o Brasileira de Pesquisadores em Educa{\c{c}}{\~a}o Especial-ABPEE}
}

@article{cruz2001internet,
  title={O surdo e a Internet},
  author={CRUZ, C. R.},
  year={2001}
}

@book{de2014cultura,
  title={Cultura No Plural (a)},
  author={De Certeau, Michel},
  year={2014},
  publisher={Papirus Editora}
}

@article{fernandes2006praticas,
  title={Pr{\'a}ticas de letramento na educa{\c{c}}{\~a}o bil{\'\i}ngue para surdos},
  author={Fernandes, Sueli F},
  journal={Curitiba: SEED},
  year={2006}
}

@inbook{silva2003cidadania,
  title={Cidadania, surdez e linguagem: desafios e realidades},
  chapter={Surdez e tecnologias de informação e comunicação. Cap. 10},
  author={Silva, Ivani Rodrigues and Kauchakje, Samira and Gesueli, Zilda Maria},
  year={2003},
  publisher={Plexus Editora}
}

@article{freire2011pedagogia,
  title={Pedagogia da autonomia: saberes necess{\'a}rios {\`a} pr{\'a}tica docente},
  author={Freire, Paulo},
  journal={S{\~a}o Paulo: Paz e Terra},
  year={2011}
}

@book{de2002linguagem,
  title={Linguagem, surdez e educa{\c{c}}{\~a}o},
  author={de G{\'o}es, Maria Cec{\'\i}lia Rafael},
  year={2002},
  publisher={Autores Associados}
}

@book{hall2006diaspora,
  title={Da di{\'a}spora: identidades e media{\c{c}}{\~o}es culturais},
  author={Hall, Stuart},
  volume={93},
  year={2006},
  publisher={Editora UFMG}
}

@inbook{lacerdai2016escolapg29,
  title={Escola e Diferença, caminhos para educação bilíngue de surdos},
  author={LACERDA, Cristina B. F. and SANTOS, Lara F. and MARTINS, Vanessa R. O.},
  chapter={Caminhos para uma educação inclusiva de alunos surdos: Desafios para a gestão escolar. Cap. 1 p. 29},
  publisher={EdUFSCar},
  year={2016}
}

@inbook{lacerdai2016escolapg13,
  title={Escola e Diferença, caminhos para educação bilíngue de surdos},
  author={LACERDA, Cristina B. F. and SANTOS, Lara F. and MARTINS, Vanessa R. O.},
  chapter={Caminhos para uma educação inclusiva de alunos surdos: Desafios para a gestão escolar. Cap. 1 p. 13},
  publisher={EdUFSCar},
  year={2016}
}

@article{lacerda2009inclusao,
  title={A inclus{\~a}o escolar bil{\'\i}ngue de alunos surdos: princ{\'\i}pios, breve hist{\'o}rico e perspectivas},
  author={LACERDA, CBF de and LODI, Ana Claudia B},
  journal={LODI, AC B e LACERDA, CBF Uma escola duas l{\'\i}nguas: letramento em l{\'\i}ngua portuguesa e l{\'\i}ngua de sinais nas etapas iniciais de escolariza{\c{c}}{\~a}o. Porto Alegre: Editora Media{\c{c}}{\~a}o},
  pages={11--32},
  year={2009}
}

@article{de2012alfabetizaccao,
  title={Alfabetiza{\c{c}}{\~a}o e letramento (tamb{\'e}m digitais) de alunos surdos: possibilidades de interven{\c{c}}{\~a}o},
  author={de Matos Lins, Helo{\'\i}sa Andreia},
  journal={Texto Livre: Linguagem e Tecnologia},
  volume={4},
  number={2},
  pages={74--81},
  year={2012}
}

@article{lissi2012enfoque,
  title={El Enfoque Biling{\"u}e en la Educaci{\'o}n de Sordos: sus implicancias para la ense{\~n}anza y aprendizaje de la lengua escrita},
  author={Lissi, Mar{\'\i}a Rosa and Svartholm, Kristina and Gonz{\'a}lez, Maribel},
  journal={Estudios pedag{\'o}gicos (Valdivia)},
  volume={38},
  number={2},
  pages={299--320},
  year={2012},
  publisher={SciELO Chile}
}

@misc{lodi2003letramento,
  title={Letramento e surdez: um olhar sobre as particuliariedades dentro do contexto educacional. Cap. 3. Letramento e minorias},
  author={LODI, Ana Cla{\'u}dia B and HARRISON, Kathryn MP and CAMPOS, Sandra RL de},
  year={2003},
  publisher={Editora Mediação. Porto Alegre}
}

@article{lodi2006leitura,
  title={A leitura em segunda l{\'\i}ngua: pr{\'a}ticas de linguagem constitutivas da (s) subjetividade (s) de um grupo de surdos adultos},
  author={Lodi, Ana Claudia},
  journal={Cad CEDES},
  volume={26},
  number={69},
  pages={185--204},
  year={2006},
  publisher={SciELO Brasil}
}

@article{lacerda2009inclusao,
  title={A inclus{\~a}o escolar bil{\'\i}ngue de alunos surdos: princ{\'\i}pios, breve hist{\'o}rico e perspectivas},
  author={Lacerda, CBF de and LODI, Ana Claudia B},
  journal={LODI, AC B e LACERDA, CBF Uma escola duas l{\'\i}ngua: Cap.1. letramento em l{\'\i}ngua portuguesa e l{\'\i}ngua de sinais nas etapas iniciais de escolariza{\c{c}}{\~a}o. Porto Alegre: Editora Media{\c{c}}{\~a}o},
  pages={11--32},
  year={2009}
}

@article{strobel2007historia,
  title={Hist{\'o}ria dos surdos: representa{\c{c}}{\~o}es "mascaradas" das identidades surdas. Estudos Surdos II. Séries pesquisas. © 2007 by Ronice Muller de Quadros e Gladis},
  author={STR{\"o}BEL, Karin Lilian},
  journal={Estudos Surdos II. Petr{\'o}polis: Arara Azul},
  pages={18--37},
  year={2007}
}

@inbook{vygotsky2010aprendizado,
  title={Aprendizado e desenvolvimento um processo s{\'o}ciohist{\'o}rico s{\'e}rie pensamento e a{\c{c}}{\~a}o no magist{\'e}rio},
  chapter={Desenvolvimento e aprendizado.  Cap.4},
  author={VYGOTSKY, Marta Kohl de Oliveira},
  journal={S{\~a}o Paulo: Editora Scipione},
  year={2010}
}